<record><leader>00000cas a22000007a 4500</leader><controlfield tag="001">17358830</controlfield><controlfield tag="008">880119d18801881ohuwr ne      0    0eng d</controlfield><datafield ind1=" " ind2=" " tag="010"><subfield code="a">sn 88077019 </subfield></datafield><datafield ind1=" " ind2=" " tag="040"><subfield code="a">ONP</subfield><subfield code="b">eng</subfield><subfield code="c">ONP</subfield><subfield code="d">OCLCQ</subfield></datafield><datafield ind1=" " ind2=" " tag="042"><subfield code="a">msc</subfield></datafield><datafield ind1="0" ind2="4" tag="245"><subfield code="a">The Xenia weekly sunlight.</subfield></datafield><datafield ind1="3" ind2="0" tag="246"><subfield code="a">Xenia weekly sunlight and Greene County Republican</subfield></datafield><datafield ind1="3" ind2="0" tag="246"><subfield code="a">Greene-County Republican and Xenia weekly sunlight</subfield></datafield><datafield ind1=" " ind2=" " tag="260"><subfield code="a">Xenia, Ohio :</subfield><subfield code="b">Anderson &amp; Marshall,</subfield><subfield code="c">1880-1881.</subfield></datafield><datafield ind1=" " ind2=" " tag="310"><subfield code="a">Weekly</subfield></datafield><datafield ind1="0" ind2=" " tag="362"><subfield code="a">Vol. 2, no. 25 (Apr. 20, 1880)-v. 3, no. 46 (Sept. 20, 1881).</subfield></datafield><datafield ind1=" " ind2=" " tag="500"><subfield code="a">Published as: Xenia weekly sunlight and Greene County Republican, June 7, 1881-Aug. 30, 1881 and: Greene-County Republican and Xenia weekly sunlight, Sept. 6, 1881-Sept 20, 1881.</subfield></datafield><datafield ind1=" " ind2=" " tag="752"><subfield code="a">United States</subfield><subfield code="b">Ohio</subfield><subfield code="c">Greene</subfield><subfield code="d">Xenia.</subfield></datafield><datafield ind1="0" ind2="0" tag="780"><subfield code="t">Xenia sunlight</subfield><subfield code="w">(DLC)sn 88077018</subfield></datafield><datafield ind1="0" ind2="0" tag="785"><subfield code="t">Xenia Republican and weekly sunlight</subfield><subfield code="w">(DLC)sn 88077020</subfield></datafield></record>